<record><leader>00000cas a22000007a 4500</leader><controlfield tag="001">20424568</controlfield><controlfield tag="008">891002d19471973mduwr ne      0    0eng d</controlfield><datafield ind1=" " ind2=" " tag="010"><subfield code="a">sn 89060143 </subfield></datafield><datafield ind1=" " ind2=" " tag="040"><subfield code="a">MFN</subfield><subfield code="b">eng</subfield><subfield code="c">MFN</subfield><subfield code="d">OCLCQ</subfield></datafield><datafield ind1=" " ind2=" " tag="042"><subfield code="a">msc</subfield></datafield><datafield ind1="0" ind2="0" tag="245"><subfield code="a">Havre de Grace record.</subfield></datafield><datafield ind1=" " ind2=" " tag="260"><subfield code="a">Havre de Grace, Md. :</subfield><subfield code="b">Havre de Grace Print. and Pub. Co.</subfield></datafield><datafield ind1=" " ind2=" " tag="300"><subfield code="a">v.</subfield></datafield><datafield ind1=" " ind2=" " tag="310"><subfield code="a">Weekly</subfield></datafield><datafield ind1="0" ind2=" " tag="362"><subfield code="a">Vol. 1, no. 1 (Jan. 4, 1947)-v. 27, no. 50 (Dec. 12, 1973).</subfield></datafield><datafield ind1=" " ind2=" " tag="752"><subfield code="a">United States</subfield><subfield code="b">Maryland</subfield><subfield code="c">Harford</subfield><subfield code="d">Havre de Grace.</subfield></datafield><datafield ind1="0" ind2="0" tag="780"><subfield code="t">Havre de Grace Republican</subfield><subfield code="w">(DLC)sn 83016224</subfield></datafield><datafield ind1="0" ind2="0" tag="785"><subfield code="t">Record (Havre de Grace, Md. : 1973)</subfield><subfield code="w">(DLC)sn 89060142</subfield></datafield></record>